<record><leader>00000cas a22000007a 4500</leader><controlfield tag="001">13242220</controlfield><controlfield tag="008">860305d18331840njuwr ne      0    0eng d</controlfield><datafield ind1=" " ind2=" " tag="010"><subfield code="a">sn 85035775 </subfield></datafield><datafield ind1=" " ind2=" " tag="040"><subfield code="a">NPA</subfield><subfield code="b">eng</subfield><subfield code="c">NPA</subfield><subfield code="d">NJW</subfield><subfield code="d">OCLCQ</subfield></datafield><datafield ind1=" " ind2=" " tag="042"><subfield code="a">msc</subfield></datafield><datafield ind1="0" ind2="0" tag="245"><subfield code="a">Village herald. And Gloucester advertiser.</subfield></datafield><datafield ind1="3" ind2="0" tag="246"><subfield code="a">Gloucester advertiser</subfield></datafield><datafield ind1=" " ind2=" " tag="260"><subfield code="a">Woodbury, N.J. :</subfield><subfield code="b">Joseph Sailer</subfield></datafield><datafield ind1=" " ind2=" " tag="300"><subfield code="a">v. :</subfield><subfield code="b">ill. (chiefly advertisements) ;</subfield><subfield code="c">56 cm.</subfield></datafield><datafield ind1=" " ind2=" " tag="310"><subfield code="a">Weekly</subfield></datafield><datafield ind1="1" ind2=" " tag="362"><subfield code="a">Began in &lt;Feb.&gt; 1833; ceased in &lt;Apr.&gt; 1840.</subfield></datafield><datafield ind1=" " ind2=" " tag="500"><subfield code="a">Published by Wm. Johnson, &lt;1839&gt;.</subfield></datafield><datafield ind1=" " ind2=" " tag="588"><subfield code="a">Description based on: Vol. 4, no. 193 (May 8, 1833).</subfield></datafield><datafield ind1=" " ind2=" " tag="752"><subfield code="a">United States</subfield><subfield code="b">New Jersey</subfield><subfield code="c">Gloucester</subfield><subfield code="d">Woodbury.</subfield></datafield><datafield ind1="0" ind2="0" tag="780"><subfield code="t">Village herald, and weekly advertiser</subfield><subfield code="w">(DLC)sn 84020597</subfield><subfield code="w">(OCoLC)11219028</subfield></datafield><datafield ind1="0" ind2="0" tag="785"><subfield code="t">West Jersey Democrat</subfield></datafield></record>